[gd_scene load_steps=10 format=3 uid="uid://bhpaihoeot8yh"]

[ext_resource type="Texture2D" uid="uid://cf4twotvk33c" path="res://art/enemy-flying-1.png" id="1_oweek"]
[ext_resource type="Script" path="res://mob.gd" id="1_qkosw"]
[ext_resource type="Texture2D" uid="uid://csqcybt835u5q" path="res://art/enemy-flying-2.png" id="2_nnkoo"]
[ext_resource type="Texture2D" uid="uid://c0rawohtcwipm" path="res://art/enemy-swimming-1.png" id="3_mm131"]
[ext_resource type="Texture2D" uid="uid://daw4nuqd0gs61" path="res://art/enemy-swimming-2.png" id="4_hc57g"]
[ext_resource type="Texture2D" uid="uid://bf8pdw8kwvqtv" path="res://art/enemy-walking-1.png" id="5_akm13"]
[ext_resource type="Texture2D" uid="uid://c1a3jlgj4bkgq" path="res://art/enemy-walking-2.png" id="6_cvpci"]

[sub_resource type="SpriteFrames" id="SpriteFrames_h6o6r"]
animations = [{
"frames": [{
"duration": 1.0,
"texture": ExtResource("1_oweek")
}, {
"duration": 1.0,
"texture": ExtResource("2_nnkoo")
}],
"loop": true,
"name": &"fly",
"speed": 5.0
}, {
"frames": [{
"duration": 1.0,
"texture": ExtResource("3_mm131")
}, {
"duration": 1.0,
"texture": ExtResource("4_hc57g")
}],
"loop": true,
"name": &"swim",
"speed": 5.0
}, {
"frames": [{
"duration": 1.0,
"texture": ExtResource("5_akm13")
}, {
"duration": 1.0,
"texture": ExtResource("6_cvpci")
}],
"loop": true,
"name": &"walk",
"speed": 5.0
}]

[sub_resource type="CapsuleShape2D" id="CapsuleShape2D_eonif"]
radius = 33.0
height = 96.0

[node name="Mob" type="RigidBody2D" groups=["mobs"]]
collision_mask = 0
gravity_scale = 0.0
script = ExtResource("1_qkosw")

[node name="AnimatedSprite2D" type="AnimatedSprite2D" parent="."]
scale = Vector2(0.7, 0.7)
sprite_frames = SubResource("SpriteFrames_h6o6r")
animation = &"walk"

[node name="CollisionShape2D" type="CollisionShape2D" parent="."]
rotation = 1.5708
shape = SubResource("CapsuleShape2D_eonif")

[node name="VisibleOnScreenNotifier2D" type="VisibleOnScreenNotifier2D" parent="."]
rect = Rect2(-50, -40, 100, 80)

[connection signal="screen_exited" from="VisibleOnScreenNotifier2D" to="." method="_on_visible_on_screen_notifier_2d_screen_exited"]
